<record><leader>00000cas a22000007a 4500</leader><controlfield tag="001">15158733</controlfield><controlfield tag="008">870206d18981926pauwr ne      0    0eng d</controlfield><datafield ind1=" " ind2=" " tag="010"><subfield code="a">sn 87078056 </subfield></datafield><datafield ind1=" " ind2=" " tag="040"><subfield code="a">NPH</subfield><subfield code="b">eng</subfield><subfield code="c">NPH</subfield><subfield code="d">OCLCQ</subfield></datafield><datafield ind1=" " ind2=" " tag="042"><subfield code="a">msc</subfield></datafield><datafield ind1="0" ind2="0" tag="245"><subfield code="a">Vandergrift citizen.</subfield></datafield><datafield ind1="3" ind2="0" tag="246"><subfield code="a">Citizen</subfield></datafield><datafield ind1=" " ind2=" " tag="260"><subfield code="a">Vandergrift, Pa. :</subfield><subfield code="b">[s.n.],</subfield><subfield code="c">-1926.</subfield></datafield><datafield ind1=" " ind2=" " tag="300"><subfield code="a">v. :</subfield><subfield code="b">ill. ;</subfield><subfield code="c">54 cm.</subfield></datafield><datafield ind1=" " ind2=" " tag="310"><subfield code="a">Weekly</subfield></datafield><datafield ind1="1" ind2=" " tag="362"><subfield code="a">Began in 1898.</subfield><subfield code="z">Cf. Rossell, G. Pa. newspapers.</subfield></datafield><datafield ind1="0" ind2=" " tag="362"><subfield code="a">-Dec. 30, 1926.</subfield></datafield><datafield ind1=" " ind2=" " tag="500"><subfield code="a">Editors: Mrs. M.H. Cochran, &lt;1901&gt;; E.H. Welsh, &lt;1906&gt;.</subfield></datafield><datafield ind1=" " ind2=" " tag="515"><subfield code="a">Isues for &lt;Apr. 6, 1901-Apr. 1, 1905&gt; called also &lt;New v. 3, no. 1-New v. 7, no. 1&gt;.</subfield></datafield><datafield ind1=" " ind2=" " tag="515"><subfield code="a">Suspended June 28, 1919-Mar. 11, 1925.</subfield></datafield><datafield ind1=" " ind2=" " tag="588"><subfield code="a">Description based on: Vol. 19, no. 1 (Apr. 6, 1901).</subfield></datafield><datafield ind1=" " ind2=" " tag="752"><subfield code="a">United States</subfield><subfield code="b">Pennsylvania</subfield><subfield code="c">Westmoreland</subfield><subfield code="d">Vandergrift.</subfield></datafield><datafield ind1="0" ind2="0" tag="785"><subfield code="t">Citizen (Vandergrift, Pa.)</subfield><subfield code="w">(DLC)sn 89077885</subfield></datafield></record>